<record><leader>00000cas a2200000Ma 4500</leader><controlfield tag="001">214606525</controlfield><controlfield tag="008">001005c19949999wausr ne      0    0eng d</controlfield><datafield ind1=" " ind2=" " tag="010"><subfield code="a">sn 00062049 </subfield></datafield><datafield ind1=" " ind2=" " tag="040"><subfield code="a">ORU</subfield><subfield code="b">eng</subfield><subfield code="c">CUY</subfield><subfield code="d">OCLCQ</subfield><subfield code="d">OCLCF</subfield><subfield code="d">OCLCO</subfield></datafield><datafield ind1=" " ind2=" " tag="022"><subfield code="a">0199-3046</subfield><subfield code="l">0199-3046</subfield></datafield><datafield ind1=" " ind2=" " tag="043"><subfield code="a">n-us-wa</subfield></datafield><datafield ind1="0" ind2="0" tag="245"><subfield code="a">Yakama Nation review.</subfield></datafield><datafield ind1="1" ind2="3" tag="246"><subfield code="a">Yakima Nation review</subfield></datafield><datafield ind1=" " ind2=" " tag="260"><subfield code="a">Toppenish, Wash. :</subfield><subfield code="b">Yakama Nation,</subfield></datafield><datafield ind1=" " ind2=" " tag="300"><subfield code="a">v. :</subfield><subfield code="b">ill. ;</subfield><subfield code="c">45 cm.</subfield></datafield><datafield ind1=" " ind2=" " tag="310"><subfield code="a">Semimonthly</subfield></datafield><datafield ind1="0" ind2=" " tag="362"><subfield code="a">Vol. 24, no. 19 (Jan. 28, 1994)-</subfield></datafield><datafield ind1=" " ind2=" " tag="500"><subfield code="a">Vol. 24, no. 19 (Jan. 28, 1994) uses previous title in subscription information and inner pages.</subfield></datafield><datafield ind1=" " ind2="0" tag="650"><subfield code="a">Yakama Indians</subfield><subfield code="v">Newspapers.</subfield></datafield><datafield ind1=" " ind2="0" tag="650"><subfield code="a">Indians of North America</subfield><subfield code="z">Washington (State)</subfield><subfield code="v">Newspapers.</subfield></datafield><datafield ind1=" " ind2="0" tag="651"><subfield code="a">Toppenish (Wash.)</subfield><subfield code="v">Newspapers.</subfield></datafield><datafield ind1=" " ind2="0" tag="651"><subfield code="a">Yakama Indian Reservation (Wash.)</subfield><subfield code="v">Newspapers.</subfield></datafield><datafield ind1=" " ind2="7" tag="655"><subfield code="a">Newspapers.</subfield><subfield code="2">fast</subfield><subfield code="0">(OCoLC)fst01423814</subfield></datafield><datafield ind1=" " ind2="7" tag="650"><subfield code="a">Indians of North America.</subfield><subfield code="2">fast</subfield><subfield code="0">(OCoLC)fst00969633</subfield></datafield><datafield ind1=" " ind2="7" tag="650"><subfield code="a">Yakama Indians.</subfield><subfield code="2">fast</subfield><subfield code="0">(OCoLC)fst01182268</subfield></datafield><datafield ind1=" " ind2="7" tag="651"><subfield code="a">Washington (State)</subfield><subfield code="2">fast</subfield><subfield code="0">(OCoLC)fst01204703</subfield></datafield><datafield ind1=" " ind2="7" tag="651"><subfield code="a">Washington (State)</subfield><subfield code="z">Toppenish.</subfield><subfield code="2">fast</subfield><subfield code="0">(OCoLC)fst01225002</subfield></datafield><datafield ind1=" " ind2="7" tag="651"><subfield code="a">Washington (State)</subfield><subfield code="z">Yakama Indian Reservation.</subfield><subfield code="2">fast</subfield><subfield code="0">(OCoLC)fst01248722</subfield></datafield><datafield ind1="2" ind2=" " tag="710"><subfield code="a">Yakama Indian Nation.</subfield></datafield><datafield ind1=" " ind2=" " tag="752"><subfield code="a">United States</subfield><subfield code="b">Washington</subfield><subfield code="c">Yakima</subfield><subfield code="d">Toppenish.</subfield></datafield><datafield ind1="0" ind2="0" tag="780"><subfield code="t">Yakima Nation review</subfield></datafield></record>